@book{siciliano2010robotics,
  title     = {Robotics: Modelling, Planning and Control},
  author    = {Siciliano, B. and Sciavicco, L. and Villani, L. and Oriolo, G.},
  isbn      = {9781846286414},
  lccn      = {2008939574},
  series    = {Advanced Textbooks in Control and Signal Processing},
  year      = {2010},
  publisher = {Springer London}
}
@article{ros2_article,
  author  = {Steven Macenski  and Tully Foote  and Brian Gerkey  and Chris Lalancette  and William Woodall },
  title   = {Robot Operating System 2: Design, architecture, and uses in the wild},
  journal = {Science Robotics},
  volume  = {7},
  number  = {66},
  pages   = {eabm6074},
  year    = {2022},
  doi     = {10.1126/scirobotics.abm6074},
  url     = {https://www.science.org/doi/abs/10.1126/scirobotics.abm6074}
}

@misc{ros2,
  howpublished = {\url{https://docs.ros.org/en/humble/index.html}},
  title        = {{ROS 2 Documentation (2024. december 6.)}},
  author       = {Open Robotics}
}

@misc{ros2_design,
  howpublished = {\url{https://design.ros2.org/}},
  title        = {{ROS 2 Design (2024. december 6.)}},
  author       = {Open Robotics}
}

@misc{ros_wiki,
  howpublished = {\url{https://wiki.ros.org}},
  title        = {{ROS Wiki (2024. december 6.)}},
  author       = {Open Robotics}
}

@misc{nav2,
  howpublished = {\url{https://docs.nav2.org/}},
  title        = {{Nav2 Documentation (2024. december 6.)}},
  author       = {Open Navigation}
}

@misc{ros2_control_docs,
  howpublished = {\url{https://control.ros.org/rolling/doc/ros2_controllers/doc/mobile_robot_kinematics.html}},
  title        = {{Wheeled Mobile Robot Kinematics (2024. december 6.)}}
}

@misc{gazebo,
  howpublished = {\url{https://classic.gazebosim.org}},
  title        = {{Gazebo Documentation (2024. december 6.)}}
}

@book{astrom_feedback,
  author = {Franklin, Gene F. and Powell, J. Da and Emami-Naeini, Abbas},
  title = {Feedback Control of Dynamic Systems},
  year = {2014},
  isbn = {0133496597},
  publisher = {Prentice Hall Press},
  edition = {7th}
}

@book{siciliano_springer_handbook,
  author = {Siciliano, Bruno and Khatib, Oussama},
  title = {Springer Handbook of Robotics},
  year = {2007},
  isbn = {354023957X},
  publisher = {Springer-Verlag}
}

@book{ogata_modern_ce,
  author = {Ogata, Katsuhiko},
  title = {Modern Control Engineering},
  year = {2001},
  isbn = {0130609072},
  publisher = {Prentice Hall PTR},
  edition = {4th}
}

@ARTICLE{fox_dynamic,
  author={Fox, D. and Burgard, W. and Thrun, S.},
  journal={IEEE Robotics & Automation Magazine}, 
  title={The dynamic window approach to collision avoidance}, 
  year={1997},
  volume={4},
  number={1},
  pages={23-33},
  doi={10.1109/100.580977}
}

@book{latombe_robot,
  author = {Latombe, Jean-Claude},
  title = {Robot Motion Planning},
  year = {1991},
  isbn = {079239206X},
  publisher = {Kluwer Academic Publishers}
}

@book{rawlings_model,
  author = {Rawlings, J. and Mayne, D.Q. and Diehl, Moritz},
  year = {2017},
  month = {01},
  title = {Model Predictive Control: Theory, Computation, and Design}
}
